@inproceedings{Rag08,
  title={Optimal algorithms and inapproximability results for every CSP?},
  author={Raghavendra, Prasad},
  booktitle={Proceedings of the fortieth annual ACM symposium on Theory of computing},
  pages={245--254},
  year={2008},
  organization={ACM}
}

@inproceedings{RagSte09,
	title={How to round any CSP},
	author={Raghavendra, Prasad and Steurer, David},
	booktitle={Foundations of Computer Science, 2009. FOCS'09. 50th Annual IEEE Symposium on},
	pages={586--594},
	year={2009},
	organization={IEEE}
}

@book{BoyLie04,
	title={Convex optimization},
	author={Boyd, Stephen and Vandenberghe, Lieven},
	year={2004},
	publisher={Cambridge university press}
}

@inproceedings{RagSte09b,
	title={Integrality gaps for strong SDP relaxations of unique games},
	author={Raghavendra, Prasad and Steurer, David},
	booktitle={Foundations of Computer Science, 2009. FOCS'09. 50th Annual IEEE Symposium on},
	pages={575--585},
	year={2009},
	organization={IEEE}
}